@BOOK{Meduna:Theory,
   author = {Alexander Meduna},
   title = {Automata and Languages: Theory and Applications},
   pages = {916},
   year = {2005},
   address = {London},
   publisher = {Springer},
   isbn = {81-8128-333-3},
   language = {english}
}

@BOOK{Dassow:RegulatedRewriting,
  author       = {J{\"u}rgen~Dassow and Gheorghe~P\u{a}un},
  title        = {{Regulated Rewriting in Formal Language Theory}},
  pages        = {308},
  year         = {1989},
  address      = {Berlin},
  isbn         = {3-05-500408-6},
  language     = {english},
  publisher    = {Akademie--Verlag}
}

@ARTICLE{Meduna:DeepPDA,
   author = {Alexander Meduna},
   title = {Deep Pushdown Automata},
   pages = {114--124},
   booktitle = {Acta Informatica},
   journal = {Acta Informatica},
   volume = {2006},
   number = {98},
   year = {2006},
   address = {Maraburg},
   publisher = {Springer Verlag},
   ISSN = {0001-5903},
   language = {english}
}

@ARTICLE{Meduna:StateGrammars,
   author = {George Horváth and Alexander Meduna},
   title = {On State Grammars},
   pages = {237--245},
   booktitle = {Acta Cybernetika},
   journal = {Acta Cybernetica},
   volume = {1988},
   number = {8},
   year = {1988},
   address = {Szeged},
   publisher = {unknown},
   ISSN = {0324-721X},
   language = {english}
}

@INCOLLECTION{Meduna:FinitelyDeepPDA,
   author = {Alexander Meduna},
   title = {Finitely Expandable Deep PDAs},
   pages = {113--123},
   booktitle = {Automata, Formal Languages and Algebraic Systems},
   year = {2010},
   address = {Hong Kong},
   publisher = {Hong Kong University of Science and Technology},
   isbn = {981-4317-60-8},
   language = {english}
}


@ARTICLE{Krivka:RewritingSystems,
   author = {Zbyněk Křivka and Alexander Meduna and Rudolf Schönecker},
   title = {Generation of Languages by Rewriting Systems that Resemble Automata},
   pages = {1223--1229},
   booktitle = {International Journal of Foundations of Computer Science},
   journal = {International Journal of Foundations of Computer Science},
   volume = {17},
   number = {5},
   year = {2006},
   issn = {0129-0541},
   language = {english}
}


@ARTICLE{Kasai:Hierarchy,
   author = {Takumi Kasai},
   title = {An Hierarchy Between Context-Free and Context-Sensitive Languages},
   pages = {492--508},
   booktitle = {Journal of Computer and System Sciences},
   journal = {Journal of Computer and System Sciences },
   volume = {4},
   number = {5},
   year = {1970},
   issn = {0022-0000},
   language = {english}
}
