
% benchmark
% nástroje pro optimalizaci - posouzení

@article{Chakraborty:Peephole,
 author = {Pinaki Chakraborty},
 title = {Fifty years of peephole optimization},
 journal = {Current Science},
 issue_date = {June 2015},
 volume = {108},
 number = {12},
 month = jun,
 year = {2015},
 issn = {0011-3891},
 pages = {2186--2190},
 publisher = {Current Science Association},
 language = {english}
} 

@article{McKeeman:Peephole,
 author = {McKeeman, W. M.},
 title = {Peephole Optimization},
 journal = {Commun. ACM},
 issue_date = {july 1965},
 volume = {8},
 number = {7},
 month = jul,
 year = {1965},
 issn = {0001-0782},
 pages = {443--444},
 publisher = {ACM},
 language = {english}
} 


@ARTICLE{Chan:Obfuscation,
 author = {Chan, Jien-Tsai and Yang, Wuu},
 title = {Advanced Obfuscation Techniques for Java Bytecode},
 journal = {J. Syst. Softw.},
 issue_date = {April 2004},
 volume = {71},
 number = {1-2},
 month = apr,
 year = {2004},
 issn = {0164-1212},
 pages = {1--10},
 publisher = {Elsevier Science Inc.},
 language = {english}
}

@ARTICLE{Kazi:Performance,
 author = {Kazi, Iffat H. and Chen, Howard H. and Stanley, Berdenia and Lilja, David J.},
 title = {Techniques for Obtaining High Performance in Java Programs},
 journal = {ACM Comput. Surv.},
 issue_date = {Sept. 2000},
 volume = {32},
 number = {3},
 month = sep,
 year = {2000},
 issn = {0360-0300},
 pages = {213--240},
 publisher = {ACM},
language = {english}
} 


@ARTICLE{Clausen:Embedded,
 author = {Clausen, Lars R{\ae}der and Schultz, Ulrik Pagh and Consel, Charles and Muller, Gilles},
 title = {Java Bytecode Compression for Low-end Embedded Systems},
 journal = {ACM Trans. Program. Lang. Syst.},
 issue_date = {May 2000},
 volume = {22},
 number = {3},
 month = may,
 year = {2000},
 issn = {0164-0925},
 pages = {471--489},
 publisher = {ACM},
 language = {english}
} 

@mastersthesis{Vasek:Optimalizace,
  author = {Vašek, Matej},
  title = {Optimalizace bajtkódu Javy s ohledem na jeho velikost},
  year = {2013},
  type = {Bakalářská práce},
  school = {Masarykova univerzita, Fakulta informatiky, Brno},
  supervisor = {Mgr. Marek Grác, Ph.D.},
  url = {http://theses.cz/id/yoo69v/}
}

@BOOK{Engel:JVM,
  author={Joshua Engel},
  title={Programming for the Java Virtual Machine},
  year={1999},
  isbn={9780201309720},
  pages = {488},
  publisher={Addison-Wesley},
  language = {english}
}

@BOOK{Aho:Compilers,
 author = {Aho, Alfred V. and Lam, Monica S. and Sethi, Ravi and Ullman, Jeffrey D.},
 title = {Compilers: Principles, Techniques, and Tools},
 edition = {2nd},
 year = {2007},
 isbn = {0-321-49169-6},
 pages = {1009},
 publisher = {Addison-Wesley},
 language = {english}
}

@BOOK{Lindholm:JVM,
 author = {Tim Lindholm and Frank Yellin and Gilad Bracha and Alex Buckley},
 title = {The Java Virtual Machine Specification, Java SE 8 Edition},
 year = {2014},
 isbn = {013390590X},
 pages = {600},
 publisher = {Addison-Wesley},
 language = {english}
} 

@BOOK{Venners:InsideJVM,
 author = {Bill Venners},
 title = {Inside the Java Virtual Machine},
 year = {2000},
 pages = {703},
 edition = {2nd},
 isbn = {0-07-135093-4},
 publisher = {McGraw-Hill Companies},
 language = {english}
} 

@MISC{Oracle:JVM,
  author = {{Oracle Corporation}},
  title = {The Java HotSpot Performance Engine Architecture [online]},
  url = {http://oracle.com/technetwork/java/whitepaper-135217.html},
  year = {2015 [cit. 2016-05-16]},
  language = {english}
}

@MISC{BCEL,
  author = {{The Apache Software Foundation}},
  title = {BCEL [online]},
  url = {http://commons.apache.org/proper/commons-bcel/},
  year = {2014 [cit. 2016-01-11]},
  language = {english}
}

@MISC{ASM,
  author = {{OW2 Consortium}},
  title = {ASM [online]},
  url = {http://asm.ow2.org/},
  year = {2015 [cit. 2016-01-11]},
  language = {english}
}

@MISC{Javassist,
  author = {Shigeru Chiba},
  title = {Javassist [online]},
  url = {http://jboss-javassist.github.io/javassist/},
  year = {2015 [cit. 2016-01-11]},
  language = {english}
}

@MISC{ProGuard,
  author = {Eric Lafortune},
  title = {ProGuard [online]},
  url = {http://proguard.sourceforge.net/},
  year = {2015 [cit. 2016-05-16]},
  language = {english}
}

@MISC{Tools,
    author = {Eugene Kuleshov},
    title =  {Using the ASM framework to implement common Java bytecode transformation patterns},
    url   =  {http://asm.ow2.org/current/asm-transformations.pdf},
    year =   {2007},
    language = {english}
}

@BOOK{Meduna:Theory,
   author = {Alexander Meduna},
   title = {Automata and Languages: Theory and Applications},
   pages = {916},
   year = {2005},
   address = {London},
   publisher = {Springer},
   isbn = {81-8128-333-3},
   language = {english}
}

@BOOK{Dassow:RegulatedRewriting,
  author       = {J{\"u}rgen~Dassow and Gheorghe~P\u{a}un},
  title        = {{Regulated Rewriting in Formal Language Theory}},
  pages        = {308},
  year         = {1989},
  address      = {Berlin},
  isbn         = {3-05-500408-6},
  language     = {english},
  publisher    = {Akademie--Verlag}
}

@ARTICLE{Meduna:DeepPDA,
   author = {Alexander Meduna},
   title = {Deep Pushdown Automata},
   pages = {114--124},
   booktitle = {Acta Informatica},
   journal = {Acta Informatica},
   volume = {2006},
   number = {98},
   year = {2006},
   address = {Maraburg},
   publisher = {Springer Verlag},
   ISSN = {0001-5903},
   language = {english}
}

@ARTICLE{Meduna:StateGrammars,
   author = {George Horváth and Alexander Meduna},
   title = {On State Grammars},
   pages = {237--245},
   booktitle = {Acta Cybernetika},
   journal = {Acta Cybernetica},
   volume = {1988},
   number = {8},
   year = {1988},
   address = {Szeged},
   publisher = {unknown},
   ISSN = {0324-721X},
   language = {english}
}

@INCOLLECTION{Meduna:FinitelyDeepPDA,
   author = {Alexander Meduna},
   title = {Finitely Expandable Deep PDAs},
   pages = {113--123},
   booktitle = {Automata, Formal Languages and Algebraic Systems},
   year = {2010},
   address = {Hong Kong},
   publisher = {Hong Kong University of Science and Technology},
   isbn = {981-4317-60-8},
   language = {english}
}


@ARTICLE{Krivka:RewritingSystems,
   author = {Zbyněk Křivka and Alexander Meduna and Rudolf Schönecker},
   title = {Generation of Languages by Rewriting Systems that Resemble Automata},
   pages = {1223--1229},
   booktitle = {International Journal of Foundations of Computer Science},
   journal = {International Journal of Foundations of Computer Science},
   volume = {17},
   number = {5},
   year = {2006},
   issn = {0129-0541},
   language = {english}
}


@ARTICLE{Kasai:Hierarchy,
   author = {Takumi Kasai},
   title = {An Hierarchy Between Context-Free and Context-Sensitive Languages},
   pages = {492--508},
   booktitle = {Journal of Computer and System Sciences},
   journal = {Journal of Computer and System Sciences },
   volume = {4},
   number = {5},
   year = {1970},
   issn = {0022-0000},
   language = {english}
}
